@misc{Bluetoot59:online,
author = {Wikipedia},
title = {Bluetooth - Wikipedia},
howpublished = {\url{https://en.wikipedia.org/wiki/Bluetooth}},
month = {},
year = {},
note = {(Accédé le 10/03/2017)}
}
@misc{IEEE802137:online,
author = {Wikipedia},
title = {IEEE 802.15.4 - Wikipedia},
howpublished = {\url{https://en.wikipedia.org/wiki/IEEE_802.15.4}},
month = {},
year = {},
note = {(Accédé le 10/03/2017)}
}
@misc{Security81:online,
author = {Libelium},
title = {Security in 802.15.4 and ZigBee networks | Libelium},
howpublished = {\url{http://www.libelium.com/security-802-15-4-zigbee/}},
month = {},
year = {},
note = {(Accédé le 07/10/2017)}
}
@misc{loraalli46:online,
author = {},
title = {lora-alliance},
howpublished = {\url{https://www.lora-alliance.org/}},
month = {},
year = {},
note = {(Accédé le 10/08/2017)}
}
@misc{LPWANWik40:online,
author = {Wikipedia},
title = {LPWAN - Wikipedia},
howpublished = {\url{https://en.wikipedia.org/wiki/LPWAN}},
month = {},
year = {},
note = {(Accédé le 09/10/2017)}
}
@misc{Genevebr38:online,
author = {Dejan Nikolic},
title = {Genève brille par son absence au classement des villes intelligentes - Le Temps},
howpublished = {\url{https://www.letemps.ch/economie/2017/05/30/geneve-brille-absence-classement-villes-intelligentes}},
month = {5},
year = {2017},
note = {(Accédé le 19/10/2017)}
}
@misc{ISMbandW77:online,
author = {Wikipedia},
title = {ISM band - Wikipedia},
howpublished = {\url{https://en.wikipedia.org/wiki/ISM_band}},
month = {},
year = {},
note = {(Accédé le 19/10/2017)}
}
@misc{DipoleLe18:online,
author = {Radio Electronics},
title = {Dipole Length | Antenna Length Calculation \& Formula},
howpublished = {\url{http://www.radio-electronics.com/info/antennas/dipole/length-calculation-formula.php}},
month = {},
year = {},
note = {(Accédé le 19/10/2017)}
}
@misc{FreeRTOS23:online,
author = {Wikipedia},
title = {FreeRTOS - Wikipedia},
howpublished = {\url{https://en.wikipedia.org/wiki/FreeRTOS}},
month = {},
year = {},
note = {(Accédé le 06/01/2018)}
}
@misc{Baremeta22:online,
author = {Embedded.com},
title = {Bare metal embedded software development with \& without an RTOS | Embedded},
howpublished = {\url{https://www.embedded.com/design/prototyping-and-development/4237636/Bare-metal-embedded-software-development-with---without-an-RTOS}},
month = {3},
year = {2012},
note = {(Accédé le 06/01/2018)}
}
@misc{2017Embe35:online,
author = {Embedded.com},
title = {2017 Embedded Market Survey | Embedded},
howpublished = {\url{https://www.embedded.com/electronics-blogs/embedded-market-surveys/4458724/2017-Embedded-Market-Survey}},
month = {8},
year = {2017},
note = {(Accédé le 06/01/2018)}
}
@misc{ApacheMy33:online,
author = {},
title = {Apache Mynewt},
howpublished = {\url{https://mynewt.apache.org/}},
month = {},
year = {},
note = {(Accédé le 07/01/2018)}
}
@misc{Zephyrop38:online,
author = {Wikipedia},
title = {Zephyr (operating system) - Wikipedia},
howpublished = {\url{https://en.wikipedia.org/wiki/Zephyr_(operating_system)}},
month = {},
year = {},
note = {(Accédé le 07/01/2018)}
}
@misc{Explorin32:online,
author = {Martin Woolley},
title = {Exploring Bluetooth 5 - Going the Distance | Bluetooth Technology Website},
howpublished = {\url{https://blog.bluetooth.com/exploring-bluetooth-5-going-the-distance}},
month = {2},
year = {2017},
note = {(Accédé le 07/01/2018)}
}
@misc{WhatsNe89:online,
author = {Mahendra Tailor},
title = {What’s New with Bluetooth 5.0? - Laird Technologies Wireless Connectivity Blog},
howpublished = {\url{http://www.summitdata.com/blog/whats-new-with-bluetooth-5-0/}},
month = {2},
year = {2017},
note = {(Accédé le 07/01/2018)}
}
@misc{CC2650Bl25:online,
author = {},
title = {CC2650: Bluetooth 5 stack - Bluetooth® low energy Forum - Bluetooth® low energy - TI E2E Community},
howpublished = {\url{https://e2e.ti.com/support/wireless_connectivity/bluetooth_low_energy/f/538/t/579431}},
month = {3},
year = {2017},
note = {(Accédé le 09/01/2018)}
}
@misc{Muratala5:online,
author = {Murata},
title = {Murata launches ultra compact low cost stand-alone LoRa module | Murata Manufacturing Co., Ltd.},
howpublished = {\url{https://www.murata.com/about/newsroom/news/product/wireless/2016/0719}},
month = {7},
year = {2016},
note = {(Accédé le 10/01/2018)}
}
@misc{NEO8QNEO28:online,
author = {U-Blox},
title = {NEO-8Q / NEO-M8},
howpublished = {\url{https://www.u-blox.com/sites/default/files/NEO-8Q-NEO-M8-FW3_HardwareIntegrationManual_\%28UBX-15029985\%29_0.pdf}},
month = {},
year = {},
note = {(Accédé le 11/01/2018)}
}
@misc{LetsEncr96:online,
author = {Wikipedia},
title = {Let's Encrypt - Wikipedia},
howpublished = {\url{https://en.wikipedia.org/wiki/Let\%27s_Encrypt}},
month = {},
year = {},
note = {(Accédé le 13/01/2018)}
}
@misc{NMEAdata3:online,
author = {Dale DePriest},
title = {NMEA data},
howpublished = {\url{http://www.gpsinformation.org/dale/nmea.htm\#RMC}},
month = {},
year = {},
note = {(Accédé le 16/01/2018)}
}
@INPROCEEDINGS{BLECONSUMPTIONPUBLICATION, 
author={R. Schrader and T. Ax and C. Röhrig and C. Fühner}, 
booktitle={2016 3rd International Symposium on Wireless Systems within the Conferences on Intelligent Data Acquisition and Advanced Computing Systems (IDAACS-SWS)}, 
title={Advertising power consumption of bluetooth low energy systems}, 
year={2016}, 
volume={}, 
number={}, 
pages={62-68}, 
keywords={Bluetooth;intelligent sensors;power consumption;smart phones;telecommunication power management;BLE device;Bluetooth low energy system;SoC;battery powered device;battery replacement;beacon;frequency 2.4 GHz;indoor localization;low energy consumption;mobile handset;power consumption;smart home sensor;smartphone;system on chip;vendor-independent model;wireless technology;Advertising;Batteries;Bluetooth;Current measurement;Phase measurement;Power demand;Power measurement}, 
doi={10.1109/IDAACS-SWS.2016.7805787}, 
ISSN={}, 
month={7}
}
@misc{Bluetoot24:online,
author = {Martin Woolley},
title = {Bluetooth Technology Protecting Your Privacy | Bluetooth Technology Website},
howpublished = {\url{https://blog.bluetooth.com/bluetooth-technology-protecting-your-privacy}},
month = {4},
year = {2015},
note = {(Accédé le 16/01/2018)}
}
@misc{Understa87:online,
author = {Mbed},
title = {Understanding the different types of BLE Beacons | Mbed},
howpublished = {\url{https://os.mbed.com/blog/entry/BLE-Beacons-URIBeacon-AltBeacons-iBeacon/}},
month = {3},
year = {2015},
note = {(Accédé le 16/01/2018)}
}
@misc{Bluetoot45:online,
author = {Wikipedia},
title = {Bluetooth - Wikipedia},
howpublished = {\url{https://en.wikipedia.org/wiki/Bluetooth}},
month = {},
year = {},
note = {(Accédé le 17/01/2018)}
}
@misc{Semtecha68:online,
author = {STMicroelectronics},
title = {Semtech and STMicroelectronics Collaborate to Scale LoRa® Technology to Meet High-Volume Demands of Internet of Things Applications},
howpublished = {\url{http://www.st.com/content/st_com/en/about/media-center/press-item.html/c2790.html}},
month = {12},
year = {2015},
note = {(Accédé le 17/01/2018)}
}
@misc{Lesson3I56:online,
author = {NXP},
title = {Lesson 3: Introduction to Bluetooth Low Energy|NXP},
howpublished = {\url{https://www.nxp.com/video/lesson-3-introduction-to-bluetooth-low-energy:LESSON-3-KW41Z-WIRELESS-LAB}},
month = {7},
year = {2017},
note = {(Accédé le 17/01/2018)}
}
@misc{BLEpairi85:online,
author = {},
title = {BLE pairing vs. bonding | Pirate Comm},
howpublished = {\url{https://piratecomm.wordpress.com/2014/01/19/ble-pairing-vs-bonding/}},
month = {1},
year = {2014},
note = {(Accédé le 18/01/2018)}
}
@misc{Bluetoot72:online,
author = {Kai Ren},
title = {Bluetooth Pairing Part 1 Pairing Feature Exchange | Bluetooth Technology Website},
howpublished = {\url{http://blog.bluetooth.com/bluetooth-pairing-part-1-pairing-feature-exchange}},
month = {3},
year = {2016},
note = {(Accédé le 18/01/2018)}
}
@misc{GuidetoB8:online,
author = {NIST},
title = {Guide to Bluetooth Security},
howpublished = {\url{http://nvlpubs.nist.gov/nistpubs/SpecialPublications/NIST.SP.800-121r2.pdf}},
month = {5},
year = {2017},
note = {(Accédé le 19/01/2018)}
}
@misc{LoRaSecu3:online,
author = {Rovbert Miller},
title = {LoRa Security: Building a secure LoRa solution},
howpublished = {\url{https://labs.mwrinfosecurity.com/publications/lo/}},
month = {3},
year = {2016},
note = {(Accédé le 19/01/2018)}
}
@misc{IEEE802128:online,
author = {Wikipedia},
title = {IEEE 802.15.4 — Wikipédia},
howpublished = {\url{https://fr.wikipedia.org/wiki/IEEE_802.15.4}},
month = {},
year = {},
note = {(Accédé le 01/21/2018)}
}
@misc{ZigBeeW24:online,
author = {Wikipedia},
title = {ZigBee — Wikipédia},
howpublished = {\url{https://fr.wikipedia.org/wiki/ZigBee}},
month = {},
year = {},
note = {(Accédé le 01/21/2018)}
}
@misc{httpswww49:online,
author = {Silicon Labs},
title = {What is the difference between an end device, a router, and a coordinator?},
howpublished = {\url{https://www.silabs.com/community/wireless/zigbee-and-thread/knowledge-base.entry.html/2012/07/02/what_is_the_differen-IYze}},
month = {},
year = {},
note = {(Accédé le 01/21/2018)}
}
@misc{Threadne85:online,
author = {Wikipedia},
title = {Thread (network protocol) - Wikipedia},
howpublished = {\url{https://en.wikipedia.org/wiki/Thread_(network_protocol)}},
month = {},
year = {},
note = {(Accédé le 01/21/2018)}
}
@misc{6LoWPANW35:online,
author = {Wikipedia},
title = {6LoWPAN - Wikipedia},
howpublished = {\url{https://en.wikipedia.org/wiki/6LoWPAN}},
month = {},
year = {},
note = {(Accédé le 01/21/2018)}
}
@misc{Sevenkey87:online,
author = {},
title = {Seven keys to understanding Thread protocol - Electronic Products},
howpublished = {\url{https://www.electronicproducts.com/Digital_ICs/Communications_Interface/Seven_keys_to_understanding_Thread_protocol.aspx}},
month = {6},
year = {2016},
note = {(Accédé le 01/21/2018)}
}
@misc{Smartcit54:online,
author = {Wikipedia},
title = {Smart city - Wikipedia},
howpublished = {\url{https://en.wikipedia.org/wiki/Smart_city}},
month = {},
year = {},
note = {(Accédé le 01/21/2018)}
}
@misc{66ofUSci17:online,
author = {Teena Maddox},
title = {66\% of US cities are investing in smart city technology - TechRepublic},
howpublished = {\url{https://www.techrepublic.com/article/66-of-us-cities-are-investing-in-smart-city-technology/}},
month = {11},
year = {2017},
note = {(Accédé le 01/21/2018)}
}
@misc{SmartCit61:online,
author = {Markets and Markets},
title = {Smart Cities Market worth 1,201.69 Billion USD by 2022},
howpublished = {\url{https://www.marketsandmarkets.com/PressReleases/smart-cities.asp}},
month = {},
year = {},
note = {(Accédé le 22/01/2018)}
}
@misc{LPWANWik63:online,
author = {Wikipedia},
title = {LPWAN - Wikipedia},
howpublished = {\url{https://en.wikipedia.org/wiki/LPWAN}},
month = {},
year = {},
note = {(Accédé le 22/01/2018)}
}
@misc{WANUltra71:online,
author = {M2COMM},
title = {WAN - Ultra-Narrow Band (UNB) - M2COMM},
howpublished = {\url{https://www.m2comm.co/front-page/technology/wan-ultra-narrow-band-unb/}},
month = {},
year = {},
note = {(Accédé le 22/01/2018)}
}
@misc{1607080117:online,
author = {Ferran Adelantado},
title = {Understanding the Limits of LoRaWAN},
howpublished = {\url{https://arxiv.org/pdf/1607.08011.pdf}},
month = {1},
year = {2017},
note = {(Accédé le 22/01/2018)}
}
@misc{LPWANisL94:online,
author = {Waviot},
title = {LPWAN is Low-power Wide-area Network | WAVIoT LPWAN},
howpublished = {\url{http://waviot.com/technology/what-is-lpwan}},
month = {},
year = {},
note = {(Accédé le 22/01/2018)}
}
@misc{HomeTheT94:online,
author = {The Things Network},
title = {Home - The Things Network Wiki},
howpublished = {\url{https://www.thethingsnetwork.org/wiki/LoRaWAN/Home}},
month = {},
year = {},
note = {(Accédé le 23/01/2018)}
}
@misc{waspmote8:online,
author = {Libelium},
title = {Waspmote LoRa 868MHz 915MHz SX1272 Networking Guide},
howpublished = {\url{http://www.libelium.com/downloads/documentation/waspmote_lora_868mhz_915mhz_sx1272_networking_guide.pdf}},
month = {},
year = {},
note = {(Accédé le 05/02/2018)}
}
@misc{BluetootModulation:online,
author = {LitePoint},
title = {Bluetooth Low Energy Whitepaper},
howpublished = {\url{https://litepoint.com/wp-content/uploads/2016/10/Bluetooth-Low-Energy-Whitepaper-102416.pdf}},
month = {10},
year = {2016},
note = {(Accédé le 05/02/2018)}
}
@misc{GeneralR94:online,
author = {Texas Instruments},
title = {General RTOS Concepts},
howpublished = {\url{http://dev.ti.com/tirex/content/simplelink_academy_cc2640r2sdk_1_12_00_00/modules/rtos_concepts/rtos_concepts.html}},
month = {},
year = {},
note = {(Accédé le 05/02/2018)}
}
@misc{EN30022033:online,
author = {ETSI},
title = {EN 300 220-1 - V2.4.1 - Electromagnetic compatibility and Radio spectrum Matters (ERM); Short Range Devices (SRD); Radio equipment to be used in the 25 MHz to 1 000 MHz frequency range with power levels ranging up to 500 mW; Part 1: Technical characteristics and test methods},
howpublished = {\url{http://www.etsi.org/deliver/etsi_en/300200_300299/30022001/02.04.01_40/en_30022001v020401o.pdf}},
month = {1},
year = {2012},
note = {(Accédé le 05/02/2018)}
}
@misc{AStudyof31:online,
author = {Aloÿs Augustin},
title = {A Study of LoRa: Long Range \& Low Power Networks for the Internet of Things},
howpublished = {\url{https://www.ncbi.nlm.nih.gov/pmc/articles/PMC5038744/}},
month = {9},
year = {2016},
note = {(Accédé le 23/01/2018)}
}
@misc{Coderate2:online,
author = {Wikipedia},
title = {Code rate - Wikipedia},
howpublished = {\url{https://en.wikipedia.org/wiki/Code_rate}},
month = {},
year = {},
note = {(Accédé le 23/01/2018)}
}
@misc{Explorat95:online,
author = {Exploratory Engineering},
title = {Exploratory Engineering: Data Rate and Spreading Factor},
howpublished = {\url{https://docs.exploratory.engineering/lora/dr_sf/}},
month = {},
year = {},
note = {(Accédé le 24/01/2018)}
}
@misc{Limitati95:online,
author = {The Things Network},
title = {Limitations: data rate, packet size, 30 seconds uplink and 10 messages downlink per day Fair Access Policy - End Devices (Nodes) - The Things Network},
howpublished = {\url{https://www.thethingsnetwork.org/forum/t/limitations-data-rate-packet-size-30-seconds-uplink-and-10-messages-downlink-per-day-fair-access-policy/1300}},
month = {10},
year = {2017},
note = {(Accédé le 24/01/2018)}
}
@misc{LoRaWANd15:online,
author = {ProximusEnCo},
title = {LoRaWAN device classes – Developers Support},
howpublished = {\url{https://enablingsupport.zendesk.com/hc/en-us/articles/206069491-LoRaWAN-device-classes}},
month = {},
year = {},
note = {(Accédé le 24/01/2018)}
}
@misc{ttnvideos_network:online,
author = {The Things Network},
title = {Week 2 LoRaWAN Architecture Network Server},
howpublished = {\url{https://lorawanacademy.azureedge.net/Week+2/Week+2+-+LoRaWAN+Architecture+Network+Server.mp4}},
month = {12},
year = {2017},
note = {(Accédé le 26/01/2018)}
}
@misc{ttnvideos_security:online,
author = {The Things Network},
title = {Week 8 LoRaWAN Sessions},
howpublished = {\url{https://lorawanacademy.azureedge.net/Week8/Week+8+LoraWAN+Sessions.mp4}},
month = {12},
year = {2017},
note = {(Accédé le 27/01/2018)}
}
@misc{SmartCitSuisse:online,
author = {Smart City Suisse},
title = {Smart City Suisse},
howpublished = {\url{http://www.smartcity-suisse.ch/fr/smart-city/}},
month = {},
year = {},
note = {(Accédé le 28/01/2018)}
}
@misc{STM32LoR36:online,
author = {STMIcroelectronics},
title = {STM32 LoRa software expansion for STM32Cube},
howpublished = {\url{http://www.st.com/content/ccc/resource/technical/document/user_manual/group0/31/96/2f/3b/df/c1/40/2e/DM00300436/files/DM00300436.pdf/jcr:content/translations/en.DM00300436.pdf}},
month = {},
year = {},
note = {(Accédé le 01/29/2018)}
}
@misc{NMEA018318:online,
author = {Wikipedia},
title = {NMEA 0183 - Wikipedia},
howpublished = {\url{https://en.wikipedia.org/wiki/NMEA_0183}},
month = {},
year = {},
note = {(Accédé le 31/01/2018)}
}
@misc{BSEClib:online,
author = {Bosch Sensortec},
title = {Bosch Sensortec Environmental Cluster (BSEC) Software},
howpublished = {\url{https://www.bosch-sensortec.com/bst/products/all_products/bsec}},
month = {},
year = {},
note = {(Accédé le 31/01/2018)}
}
@misc{HyperTex87:online,
author = {Wikipedia},
title = {HyperText Transfer Protocol Secure — Wikipédia},
howpublished = {\url{https://fr.wikipedia.org/wiki/HyperText_Transfer_Protocol_Secure}},
month = {},
year = {},
note = {(Accédé le 01/02/2018)}
}
@misc{JSONWebT15:online,
author = {Wikipedia},
title = {JSON Web Token - Wikipedia},
howpublished = {\url{https://en.wikipedia.org/wiki/JSON_Web_Token}},
month = {},
year = {},
note = {(Accédé le 01/02/2018)}
}
@misc{Flaskfra59:online,
author = {Wikipedia},
title = {Flask (framework) — Wikipédia},
howpublished = {\url{https://fr.wikipedia.org/wiki/Flask_(framework)}},
month = {},
year = {},
note = {(Accédé le 01/02/2018)}
}
@misc{lorawan1_1_video:online,
author = {Johan Stokking},
title = {What is new in LoRaWAN 1.1? | Webinar by Johan Stokking},
howpublished = {\url{https://www.youtube.com/watch?v=ewsXKc3bk1U}},
month = {11},
year = {2017},
note = {(Accédé le 05/02/2018)}
}
@misc{LeTempParkings:online,
author = {Dejan Nikolic},
title = {Le parking intelligent débarque à Genève - Le Temps},
howpublished = {\url{https://www.letemps.ch/economie/2017/06/19/parking-intelligent-debarque-geneve}},
month = {6},
year = {2017},
note = {(Accédé le 05/02/2018)}
}
@misc{AN12002292:online,
author = {Semtech},
title = {AN1200\_22\_Semtech\_LoRa\_Basics\_v2\_STD},
howpublished = {\url{https://www.semtech.com/uploads/documents/an1200.22.pdf}},
month = {5},
year = {2015},
note = {(Accédé le 05/02/2018)}
}
@misc{BLEConsumption:online,
author = {},
title = {Bluetooth Classic Vs Bluetooth Low Energy (BLE) : Whats different},
howpublished = {\url{https://www.plugintoiot.com/bluetoothclassic-vs-bluetoothlowenergy/}},
month = {6},
year = {2016},
note = {(Accédé le 05/02/2018)}
}
@misc{microchip_ble_security:online,
author = {Michrochip},
title = {Bluetooth® Low Energy Security Modes and Procedures - Developer Help},
howpublished = {\url{http://microchipdeveloper.com/wireless:ble-gap-security\#toc6}},
month = {},
year = {},
note = {(Accédé le 07/02/2018)}
}
@misc{Gettingt47:online,
author = {Frontline},
title = {Getting the Android Link Key for Classic Bluetooth Decryption},
howpublished = {\url{http://www.fte.com/docs/whitepapers/whitepapergetandroidlinkkey.pdf}},
month = {9},
year = {30},
note = {(Accédé le 07/02/2018)}
}
@misc{ble_basic_intro:online,
author = {Matthew Bon},
title = {A Basic Introduction to BLE Security - Wireless - eewiki},
howpublished = {\url{https://eewiki.net/display/Wireless/A+Basic+Introduction+to+BLE+Security}},
month = {10},
year = {2016},
note = {(Accédé le 07/02/2018)}
}
@misc{Bluetoot97:online,
author = {Kai Ren},
title = {Bluetooth Pairing Part 4: LE Secure Connetions - Numeric Comparison | Bluetooth Technology Website},
howpublished = {\url{https://blog.bluetooth.com/bluetooth-pairing-part-4}},
month = {1},
year = {2017},
note = {(Accédé le 07/02/2018)}
}
@misc{GPSgovGP89:online,
author = {GPS gov},
title = {GPS.gov: GPS Accuracy},
howpublished = {\url{https://www.gps.gov/systems/gps/performance/accuracy/}},
month = {},
year = {},
note = {(Accédé le 08/02/2018)}
}
@misc{GPSsigna51:online,
author = {Wikipedia},
title = {GPS signals - Wikipedia},
howpublished = {\url{https://en.wikipedia.org/wiki/GPS_signals}},
month = {},
year = {},
note = {(Accédé le 08/02/2018)}
}
@misc{Differen40:online,
author = {},
title = {Difference between Secure Simple Pairing and Secure Connections in Bluetooth? - Information Security Stack Exchange},
howpublished = {\url{https://security.stackexchange.com/questions/116027/difference-between-secure-simple-pairing-and-secure-connections-in-bluetooth/140679}},
month = {},
year = {},
note = {(Accédé le 08/02/2018)}
}